@inproceedings{sheth2014,
  author    = {Sheth, A.},
  title     = {Transforming Big Data into Smart Data: Deriving value via harnessing
               Volume, Variety, and Velocity using semantic techniques and technologies},
  booktitle = {{IEEE} 30th International Conference on Data Engineering, Chicago,
               {ICDE} 2014, IL, USA, March 31 - April 4, 2014},
  pages     = {2},
  publisher = {{IEEE} Computer Society},
  year      = {2014},
  url       = {https://doi.org/10.1109/ICDE.2014.6816634},
  doi       = {10.1109/ICDE.2014.6816634}
  }


@book{dbre2017,
    title={Database Reliability Engineering},
    booktitle={Designing and operating resilient database systems},
    author={Campbell, L. and Majors, C.},
    year={2017},
    publisher={O'Reilly},
    pages={18-19},
    isbn={978-1-491-92594-2}
}

@book{bernstein:1986,
author = {Bernstein, P. and Hadzilacos, V. and Goodman, N.},
title = {{Concurrency Control and Recovery in Database Systems}},
year = {1986},
isbn = {0201107155},
publisher = {Addison-Wesley Longman Publishing Co., Inc.},
}


@book{sadalage2012,
    title={NoSQL Distilled},
    author={Sadalage, P.  and Fowler, M.},
    year={2012},
    publisher={Addison-Wesley},
    pages={134-138},
    isbn={978-0-321-82662-6}
}

@book{plattner2015,
    title={The In-Memory Revolution},
    author={Plattner, H. and Leukert, B.},
    year={2015},
    edition={1},
    publisher={Springer},
    pages={17-25},
    isbn={978-3-319-16672-8}
}

@book{iqbal2020,
    title={SAP HANA Data Lifecycle Management: Dynamic Tiering and Data Aging},
    author={Iqbal, M.},
    year={202ß},
    edition={1},
    publisher={Rheinwerk publishing},
    isbn={978-1-4932-1921-6}
}


@article{abadi2012,  
author={Abadi, D.},  
journal={Computer},   
title={Consistency Tradeoffs in Modern Distributed Database System Design: CAP is Only Part of the Story},   
year={2012},  
publisher={IEEE},
doi={http://doi.org/10.1109/MC.2012.33},
pages={37-42},
}


@article{raut2018,  
    author={Raut, R.},  
    title={Analyzing the factors influencing cloud computing adoption using three stage hybrid SEM-ANN-ISM (SEANIS) approach},   
    year={2018},  
    publisher={IEEE},
    doi={http://doi.org/10.1016/j.techfore.2018.05.020},
    pages={2},
}




@book{brendan2017,
    title={Designing Distributed Systems},
    author={Brendan B.},
    year={2017},
    edition={1},
    publisher={O'Reilly},
    pages={68-69},
    isbn={978-1-492-03177-2}
}

@online{fowler2011,
  author = {M. Fowler},
  title = {Polyglot Persistence},
  year = "2011 (accessed April 14, 2022)",
  url = {https://martinfowler.com/bliki/PolyglotPersistence.html},
  urldate = {2022-04-14}
}

@INPROCEEDINGS{poly2020,
  author={{Vogt}, M. and Stiemer, A. and Schuldt, H.},
  booktitle={2018 IEEE International Conference on Big Data (Big Data)}, 
  title={Polypheny-DB: Towards a Distributed and Self-Adaptive Polystore}, 
  year={2018},
  pages={3364-3373},}

  
@inproceedings{vogt_chronos_2020,
  author    = {Vogt, M. and
               Stiemer, A. and
               Coray, S. and
               Schuldt, H.},
  title     = {Chronos: The Swiss Army Knife for Database Evaluations},
  booktitle = {Proceedings of the 23nd International Conference on Extending Database
               Technology, {EDBT} 2020, Copenhagen, Denmark, March 30 - April 02,
               2020},
  pages     = {583--586},
  publisher = {OpenProceedings.org},
  year      = {2020},
  url       = {https://doi.org/10.5441/002/edbt.2020.69},
  doi       = {10.5441/002/edbt.2020.69},
  timestamp = {Mon, 15 Jun 2020 17:04:12 +0200}
}



@inproceedings{cstore_2005,
author = {Stonebraker, M. and Abadi, D. and Batkin, A. and Chen, X. and Cherniack, M. and Ferreira, M. },
year = {2005},
pages = {553-564},
title = {C-store: a column-oriented DBMS},
volume = {2},
journal = {VLDB 2005 - Proceedings of 31st International Conference on Very Large Data Bases}
}


@inproceedings{sigmond2008,
author = {Abadi, J. and Madden, R. and Hachem, N.},
title = {Column-Stores vs. Row-Stores: How Different Are They Really?},
year = {2008},
isbn = {9781605581026},
publisher = {Association for Computing Machinery},
address = {New York, NY, USA},
url = {https://doi.org/10.1145/1376616.1376712},
doi = {10.1145/1376616.1376712},
booktitle = {Proceedings of the 2008 ACM SIGMOD International Conference on Management of Data},
pages = {967–980},
series = {SIGMOD '08}
}

@inproceedings{Agrawal_2004,
author = {Agrawal, S. and Narasayya, V. and Yang, B.},
title = {Integrating Vertical and Horizontal Partitioning into Automated Physical Database Design},
year = {2004},
isbn = {1581138598},
publisher = {Association for Computing Machinery},
address = {New York, NY, USA},
doi = {10.1145/1007568.1007609},
booktitle = {Proceedings of the 2004 ACM SIGMOD International Conference on Management of Data},
pages = {359–370},
location = {Paris, France},
series = {SIGMOD '04}
}


@inproceedings{horizontal_1982,
author = {Ceri, S. and Negri, M. and Pelagatti, G.},
title = {Horizontal Data Partitioning in Database Design},
year = {1982},
isbn = {0897910737},
publisher = {Association for Computing Machinery},
doi = {10.1145/582353.582376},
booktitle = {Proceedings of the 1982 ACM SIGMOD International Conference on Management of Data},
pages = {128–136},
location = {Orlando, Florida},
series = {SIGMOD '82}
}

@article{vertical_1984,
author = {Navathe, S. and Ceri, S. and Wiederhold, G. and Dou, J.},
title = {Vertical Partitioning Algorithms for Database Design},
year = {1984},
publisher = {Association for Computing Machinery},
address = {New York, NY, USA},
volume = {9},
number = {4},
doi = {10.1145/1994.2209},
journal = {ACM Trans. Database Syst.},
pages = {680–710},
numpages = {31}
}


@inproceedings{normalization_2012,
author = {Darwen, H. and Date, C. and Fagin, R.},
title = {A Normal Form for Preventing Redundant Tuples in Relational Databases},
year = {2012},
isbn = {9781450307918},
publisher = {Association for Computing Machinery},
address = {New York, NY, USA},
doi = {10.1145/2274576.2274589},
booktitle = {Proceedings of the 15th International Conference on Database Theory},
pages = {114–126},
numpages = {13},
keywords = {essential tuple normal form, database design, fifth normal form, BCNF, relational database, redundancy, fourth normal form},
location = {Berlin, Germany},
series = {ICDT '12}
}

@inproceedings{ycsb_2010,
author = {Cooper, F. and Silberstein, A. and Tam, E. and Ramakrishnan, R. and Sears, R.},
title = {Benchmarking Cloud Serving Systems with YCSB},
year = {2010},
isbn = {9781450300360},
publisher = {Association for Computing Machinery},
address = {New York, NY, USA},
doi = {10.1145/1807128.1807152},
booktitle = {Proceedings of the 1st ACM Symposium on Cloud Computing},
pages = {143–154},
numpages = {12},
keywords = {benchmarking, cloud serving database},
location = {Indianapolis, Indiana, USA},
series = {SoCC '10}
}

@article{oltp_2013,
author = {Difallah, D. and Pavlo, A. and Curino, C. and Cudre-Mauroux, P.},
title = {OLTP-Bench: An Extensible Testbed for Benchmarking Relational Databases},
year = {2013},
issue_date = {December 2013},
publisher = {VLDB Endowment},
volume = {7},
number = {4},
issn = {2150-8097},
doi = {10.14778/2732240.2732246},
journal = {Proc. VLDB Endow.},
month = dec,
pages = {277–288},
numpages = {12}
}

@INPROCEEDINGS{cloudpart_2012,
author={Zhao, Y. and Wang, Y.},
booktitle={2012 IEEE 2nd International Conference on Cloud Computing and Intelligence Systems}, 
title={Partition-based cloud data storage and processing model}, 
year={2012},
volume={01},
number={},
pages={218-223},}

@INPROCEEDINGS{polypheny2020,
author={Vogt, M. and
Hansen, N. and
Sch\"{o}nholz, J. and
Lengweiler, D. and
Geissmann, I. and
Philipp, S. and
Stiemer A. and
Schuldt, H.},
booktitle={Proceedings of the 3rd International Workshop on Polystore systems for heterogeneous data in multiple databases with privacy and security assurance (Poly' 2020)}, 
title={Polypheny-DB: Towards Bridging the Gap Between Polystores and HTAP Systems}, 
doi={ 10.1007/978-3-030-71055-2_2},
year={2020},
}

@article{hana_2012,
author = {F\"{a}rber, F. and Cha, S. and Primsch, J. and Bornh\"{o}vd, C. and Sigg, S. and Lehner, W.},
title = {SAP HANA Database: Data Management for Modern Business Applications},
year = {2012},
issue_date = {December 2011},
publisher = {Association for Computing Machinery},
address = {New York, NY, USA},
volume = {40},
number = {4},
issn = {0163-5808},
url = {https://doi.org/10.1145/2094114.2094126},
doi = {10.1145/2094114.2094126},
journal = {SIGMOD Rec.},
pages = {45–51},
}


@inproceedings{frauenhofer_2017,
author = {Meis, J. and Draeger, J.},
year = {2007},
month = {09},
pages = {1 - 6},
title = {Modelling automated service orchestration for IT-based homeservices},
isbn = {978-1-4244-1118-4},
journal = {Fraunhofer ISST},
doi = {10.1109/SOLI.2007.4383958}
}

@inproceedings{dittrich_2011,
  author    = {Dittrich, J. and
               F{\"{a}}rber, F. and
               Graefe, G. and
               Loeser, H. and
               Reimann, W. and
               Sch{\"{o}}ning, H.},

  title     = {"One Size Fits All": An Idea Whose Time Has Come and Gone?},
  booktitle = {Datenbanksysteme f{\"{u}}r Business, Technologie und Web (BTW),
               14. Fachtagung des GI-Fachbereichs "Datenbanken und Informationssysteme"
               (DBIS), 2.-4.3.2011 in Kaiserslautern, Germany},
  series    = {{LNI}},
  volume    = {{P-180}},
  pages     = {703--704},
  publisher = {{GI}},
  year      = {2011},
  url       = {https://dl.gi.de/20.500.12116/19613},
  biburl    = {https://dblp.org/rec/conf/btw/DittrichFGLRS09.bib},
  bibsource = {dblp computer science bibliography, https://dblp.org}
}

@inproceedings{hennemann_2020,
  author = {Hennemann, M.},
  title = {Horizontal data partitioning in a polystore system},
  year = "2020",
  publisher = {University of Basel, Master project}
}

@inproceedings{hennemann_2021,
  author = {Hennemann, M.},
  title = {Temperature-Aware Data Management in Polypheny-DB},
  year = "2021",
  publisher = {University of Basel, Master project}
}

@INPROCEEDINGS{stonebraker:2005,
  author={Stonebraker, M. and Cetintemel, U.},
  booktitle={21st International Conference on Data Engineering (ICDE'05)}, 
  title={{"One size fits all": an idea whose time has come and gone}}, 
  year={2005},
  online={https://ieeexplore.ieee.org/document/1410100},
  pages={2-11}
  }

@inproceedings{voicu:2010,
author = {Voicu, L. and Schuldt, H. and Breitbart, Y. and Schek, H.},
title = {{Flexible Data Access in a Cloud Based on Freshness Requirements}},
year = {2010},
isbn = {9780769541303},
publisher = {IEEE Computer Society},
doi = {10.1109/CLOUD.2010.75},
booktitle = {Proceedings of the 2010 IEEE 3rd International Conference on Cloud Computing},
pages = {180–187},
}

@article{claremont:2005,
author = {Agrawal, R. and Ailamaki, A. and Bernstein, P. and Brewer, E. and Carey, M. and Chaudhuri, S.},
title = {The Claremont Report on Database Research},
year = {2009},
publisher = {Association for Computing Machinery},
address = {New York, NY, USA},
volume = {52},
number = {6},
issn = {0001-0782},
doi = {10.1145/1516046.1516062},
pages = {56–65},
}

@INPROCEEDINGS{levandowski2013,
  author={Levandoski, J. and Larson, P. and Stoica, R.},
  booktitle={2013 IEEE 29th International Conference on Data Engineering (ICDE)}, 
  title={{Identifying hot and cold data in main-memory databases}}, 
  year={2013},
  pages={26-37},
  doi={10.1109/ICDE.2013.6544811}
  }

@book{tamer:2005,
author = {Özsu, M. and Valduriez, P.},
title = {{Principals of Distributed Database Systems}},
year = {2020},
publisher = {Springer International Publishing},
volume = {4},
isbn = {978-3-030-26252-5},
pages = {236},
}

@INPROCEEDINGS{shapiro:2011,
  author={Shapiro, M.},
  booktitle={2011 IEEE 20th International Workshops on Enabling Technologies: Infrastructure for Collaborative Enterprises}, 
  title={{A Principled Approach to Eventual Consistency}}, 
  year={2011},
  doi={10.1109/WETICE.2011.76}}

@inproceedings{naumann:1999,
author = {Naumann, F. and Leser, U. and Freytag, J.},
year = {1999},
title = {Quality-driven Integration of Heterogeneous Information Systems}
}

@book{redman:1996,
author = {Redman, T.},
year = {1996},
title = {Data Quality for the Information Age},
publisher = {Artech House}
}

@article{oliveira:2005,
author = {Oliveira, P. and Rodrigues, F. and Rangel Henriques, P. and Galhardas, H.},
year = {2005},
title = {A Taxonomy of Data Quality Problems},
journal = {Journal of Data and Information Quality - JDIQ}
}

@INPROCEEDINGS{xiang:2008,  
author={Xiang, J. and Li, G. and Xu, H. and Du, X.},  
booktitle={2008 4th International Conference on Wireless Communications, Networking and Mobile Computing},   
title={{Data Freshness Guarantee and Scheduling of Update Transactions in RTMDBS}},   
year={2008},  
pages={1-4},  
doi={10.1109/WiCom.2008.1324}}


@article{peralta:2006,
author = {Peralta, V. and Ruggia, R. and Bouzeghoub, M.},
year = {2004},
pages = {145-162},
title = {{Analyzing and Evaluating Data Freshness in Data Integration Systems}},
journal = {Ingénierie des Systèmes d'Information},
doi = {10.3166/isi.9.5-6.145-162}
}

@article{grandi:2022,
title = {Unleashing the power of querying streaming data in a temporal database world: A relational algebra approach},
journal = {Information Systems},
volume = {103},
year = {2022},
issn = {0306-4379},
doi = {https://doi.org/10.1016/j.is.2021.101872},
author = {Grandi, F. and Mandreoli, F and Martoglia, R. and Penzo, W.},
}

@article{debrouvier:2021,
  author          = {Debrouvier, A. and Parodi, E. and Perazzo, M. and Soliani, V. Vaisman, A.},
  title           = {A model and query language for temporal graph databases},
  journal         = {The VLDB Journal},
  volume          = {30},
  pages           = {825–858},
  doi             = {https://doi.org/10.1007/s00778-021-00675-4},
  year            = {2021}
}

@book{etzion:1998,
  editor         = {Etzion, O. and  Jajodia, S. and Sripada, S.},
  title          = {Temporal Databases: Research and Practice},
  volume         = {1399},
  year           = {1998},
  publisher      = {Springer},
}

@inproceedings{wei:2004,
author = {Wei, Y. and Son, S. and Stankovic, J.},
year = {2004},
pages = {251 - 260},
title = {Maintaining data freshness in distributed real-time databases},
volume = {16},
isbn = {0-7695-2176-2},
journal = {Proceedings - Euromicro Conference on Real-Time Systems},
doi = {10.1109/EMRTS.2004.1311028}
}

@incollection{fekete:2018,
  author    = {Fekete, A.},
  title     = {Replica Freshness},
  booktitle = {Encyclopedia of Database Systems, Second Edition},
  publisher = {Springer},
  year      = {2018},
  doi       = {10.1007/978-1-4614-8265-9\_1367}
}

@inproceedings{rohm:2002,
  author    = {Röhm, U. and
               Böhm, K. and
               Schek K. and
               Schuldt, H.},
  title     = {{FAS} - {A} Freshness-Sensitive Coordination Middleware for a Cluster
               of {OLAP} Components},
  booktitle = {Proceedings of 28th International Conference on Very Large Data Bases,
               {VLDB} 2002, Hong Kong, August 20-23, 2002},
  pages     = {754--765},
  publisher = {Morgan Kaufmann},
  year      = {2002},
  doi       = {10.1016/B978-155860869-6/50072-X}
}


@INPROCEEDINGS{bedewy:2016,  
author={Bedewy, A. and Sun, Y. and Shroff, N.},  
booktitle={2016 IEEE International Symposium on Information Theory (ISIT)},   
title={Optimizing data freshness, throughput, and delay in multi-server information-update systems},   
year={2016}, 
pages={2569-2573},  
doi={10.1109/ISIT.2016.7541763}}

@inproceedings{psaroudakis:2015,
author = {Psaroudakis, I. and Wolf, F. and May, N. and Neumann, T. and Böhm, A. and Ailamaki, A. and Sattler, K.},
year = {2015},
title = {Scaling Up Mixed Workloads: A Battle of Data Freshness, Flexibility, and Scheduling},
doi = {10.1007/978-3-319-15350-6_7},
publisher="Springer International Publishing"
}

@inproceedings{pacitti:2005,
author = {Pacitti, E. and Coulon, C. and and Valduriez, P.},
year = {2005},
title = {Preventive Replication in a Database Cluster},
volume = {18},
journal = {Distributed and Parallel Databases},
doi = {10.1007/s10619-005-4257-4}
}

@article{pacitti:2000,
author = {Pacitti, E. and Simon, E.},
year = {2000},
title = {{Update Propagation Strategies to Improve Freshness in Lazy Master Replicated Databases}},
volume = {8},
journal = {The VLDB Journal},
doi = {10.1007/s007780050010}
}

@article{cho:2000,
author = {Cho, J. and Garcia-Molina, H.},
title = {{Synchronizing a Database to Improve Freshness}},
year = {2000},
publisher = {Association for Computing Machinery},
address = {New York, NY, USA},
volume = {29},
number = {2},
issn = {0163-5808},
doi = {10.1145/335191.335391},
journal = {SIGMOD Rec.},
pages = {117–128},
}

@article{akal:2008,
author = {Akal, F. and Schuldt, H. and Schek, H.},
year = {2008},
pages = {1981-1993},
title = {{Toward replication in grids for digital libraries with freshness and correctness guarantees}},
volume = {20},
journal = {Concurrency and Computation: Practice and Experience},
doi = {10.1002/cpe.1298}
}

@article{akal:2005,
author = {Akal, F. and Türker, C. and Schek, H. and Breitbart, Y. and Grabs, T. and Veen, L.},
year = {2005},
title = {{Fine-grained replication and scheduling with freshness and correctness guarantees}},
volume = {2},
journal = {VLDB 2005 - Proceedings of 31st International Conference on Very Large Data Bases}
}

@INPROCEEDINGS{zhong:2018,  
author={Zhong, J. and Yates, R.. and Soljanin, E.},  
booktitle={2018 IEEE International Symposium on Information Theory (ISIT)},   
title={Two Freshness Metrics for Local Cache Refresh},   
pages={1924-1928}, 
year = {2018},
doi={10.1109/ISIT.2018.8437927}}

@INPROCEEDINGS{huang:2020,
  author={Huang, C. and Cahill, M. and Fekete, A. and Röhm, Uwe},
  booktitle={2020 IEEE 36th International Conference on Data Engineering (ICDE)}, 
  title={Deciding When to Trade Data Freshness for Performance in MongoDB-as-a-Service}, 
  year={2020},
  pages={1934-1937},
  doi={10.1109/ICDE48307.2020.00207}}

@inproceedings{terry:2013,
author = {Terry, D. and Prabhakaran, V. and Kotla, R. and Balakrishnan, M. and Aguilera, M. and Abu-Libdeh, H.},
title = {Consistency-Based Service Level Agreements for Cloud Storage},
year = {2013},
isbn = {9781450323888},
publisher = {Association for Computing Machinery},
address = {New York, NY, USA},
doi = {10.1145/2517349.2522731},
booktitle = {Proceedings of the Twenty-Fourth ACM Symposium on Operating Systems Principles},
pages = {309–324},
series = {SOSP '13}
}

@inproceedings{molina:2000,
author = {Cho, J. and Garcia-Molina, H.},
title = {{Synchronizing a Database to Improve Freshness}},
year = {2000},
isbn = {1581132174},
publisher = {Association for Computing Machinery},
address = {New York, NY, USA},
doi = {10.1145/342009.335391},
series = {SIGMOD '00}
}


@inproceedings{brinkmann:2015,
author = {Brinkmann, F. and Schuldt, H.},
title = {Towards Archiving-as-a-Service: A Distributed Index for the Cost-Effective Access to Replicated Multi-Version Data},
year = {2015},
doi = {10.1145/2790755.2790770},
location = {Yokohama, Japan},
series = {IDEAS '15},
}

@inproceedings{polypheny2021,
author = {Vogt, M. and Lengweiler, D. and Geissmann, I. and Hansen, N. and Hennemann, M. and Mendelin, C. and Philipp, S. and Schuldt, H.},
title = {Polystore Systems And DBMSs: Love Marriage Or Marriage Of Convenience?},
year = {2021},
isbn = {978-3-030-93662-4},
publisher = {Springer-Verlag},
address = {Berlin, Heidelberg},
url = {https://doi.org/10.1007/978-3-030-93663-1_6},
doi = {10.1007/978-3-030-93663-1_6},
booktitle = {Heterogeneous Data Management, Polystores, and Analytics for Healthcare: VLDB Workshops, Poly 2021 and DMAH 2021, Virtual Event, August 20, 2021, Revised Selected Papers},
pages = {65–69},
}


@article{cap2002,
author = {Gilbert, S. and Lynch, N.},
title = {{Brewer's Conjecture and the Feasibility of Consistent, Available, Partition-Tolerant Web Services}},
year = {2002},
volume = {33},
number = {2},
doi = {10.1145/564585.564601},
journal = {SIGACT News},
pages = {51–59},
}

@article{base2008,
author = {Pritchett, D.},
year = {2008},
pages = {48-55},
title = {{Base An Acid Alternative}},
volume = {6},
number = {3},
journal = {ACM Queue},
doi = {10.1145/1394127.1394128}
}


@article{brewer:2000,
author = {Brewer, E. },
title = {{Towards robust distributed systems}},
journal = {In Symposium on Principles of Distributed Computing (PODC)},
year = {2000},
}


@inproceedings{bernstein:1981,
author = {Bernstein, P. and Goodman, N.},
title = {{Concurrency Control in Distributed Database Systems}},
year = {1981},
publisher = {Association for Computing Machinery},
volume = {13},
number = {2},
doi = {10.1145/356842.356846},
journal = {ACM Comput. Surv.},
pages = {185–221}
}


@inproceedings{bernstein:1982,
author = {Bernstein, P. and Goodman, N.},
title = {{Concurrency Control Algorithms for Multiversion Database Systems}},
year = {1982},
publisher = {Association for Computing Machinery},
doi = {10.1145/800220.806699},
booktitle = {Proceedings of the First ACM SIGACT-SIGOPS Symposium on Principles of Distributed Computing},
pages = {209–215},
series = {PODC '82}
}


@article{bernstein:1983,
author = {Bernstein, P. and Goodman, N.},
title = {Multiversion Concurrency Control—Theory and Algorithms},
year = {1983},
publisher = {Association for Computing Machinery},
volume = {8},
number = {4},
doi = {10.1145/319996.319998},
journal = {ACM Trans. Database Syst.},
pages = {465–483},
}




@article{faleiro:2015,
author = {Faleiro, J. and Abadi, D.},
title = {{Rethinking Serializable Multiversion Concurrency Control}},
year = {2015},
publisher = {VLDB Endowment},
volume = {8},
number = {11},
issn = {2150-8097},
doi = {10.14778/2809974.2809981},
journal = {Proc. VLDB Endow.},
pages = {1190–1201},
}



@article{quorums:2003,
author = {Jim\'{e}nez-Peris, R. and Pati\~{n}o-Mart\'{\i}nez, M. and Alonso, G. and Kemme, B.},
title = {{Are Quorums an Alternative for Data Replication?}},
year = {2003},
publisher = {Association for Computing Machinery},
volume = {28},
number = {3},
doi = {10.1145/937598.937601},
journal = {ACM Trans. Database Syst.},
pages = {257–294},
numpages = {38},

}


@inproceedings{gray:1996,
author = {Gray, J. and Helland, P. and O'Neil, P. and Shasha, D.},
title = {{The Dangers of Replication and a Solution}},
year = {1996},
publisher = {Association for Computing Machinery},
doi = {10.1145/233269.233330},
booktitle = {Proceedings of the 1996 ACM SIGMOD International Conference on Management of Data},
pages = {173–182},
series = {SIGMOD '96}
}


@inproceedings{daudjee:2006,
author = {Daudjee, K. and Salem, K.},
title = {{Lazy Database Replication with Snapshot Isolation}},
year = {2006},
booktitle = {Proceedings of the 32nd International Conference on Very Large Data Bases},
pages = {715–726},
series = {VLDB '06}
}


@article{berenson:1995,
author = {Berenson, H. and Bernstein, P. and Gray, J. and Melton, J. and O'Neil, E. and O'Neil, P.},
title = {A Critique of ANSI SQL Isolation Levels},
year = {1995},
publisher = {Association for Computing Machinery},
volume = {24},
number = {2},
doi = {10.1145/568271.223785},
journal = {SIGMOD Rec.},
pages = {1–10},
}

@article{fekete:2005,
author = {Fekete, A. and Liarokapis, D. and O'Neil, E. and O'Neil, P. and Shasha, D.},
title = {{Making Snapshot Isolation Serializable}},
year = {2005},
publisher = {Association for Computing Machinery},
volume = {30},
number = {2},
doi = {10.1145/1071610.1071615},
journal = {ACM Trans. Database Syst.},
pages = {492–528},
}


@phdthesis{hennemann_sw_2021,
  author = {Hennemann, M.},
  title = {{Freshness-aware Data Management in a Polystore System}},
  year = "2021",
  school    = {University of Basel},
  type = "Project Report"
}

@phdthesis{vogt_dis_2022,
  author = {Vogt, M.},
  title = {{Adaptive Management of Multimodel Data and Heterogeneous Workloads}},
  year = "2022",
  school = {University of Basel},
  type = "Dissertation"
}


@inproceedings{ingestion_2016,  
  author={Dasgupta, S. and Coakley, K. and Gupta, A.},  
  booktitle={2016 IEEE International Conference on Big Data (Big Data)},   
  title={{Analytics-driven data ingestion and derivation in the AWESOME polystore}},   
  year={2016},   
  pages={2555-2564},  
  doi={10.1109/BigData.2016.7840897}
  }


@article{data-driven_2014,  
  author={Wu, X. and Zhu, X. and Wu, G. and Ding, W.},  
  journal={IEEE Transactions on Knowledge and Data Engineering},   
  title={{Data mining with big data}},   
  year={2014},  
  volume={26},  
  number={1},  
  pages={97-107},  
  doi={10.1109/TKDE.2013.109}}


@article{mehrotra:1997,
author = {Mehrotra, S. and Korth, H. and Silberschatz, A.},
year = {1997},
pages = {152-172},
title = {{Concurrency Control in Hierarchical Multidatabase Systems.}},
volume = {6},
journal = {VLDB},
doi = {10.1007/s007780050038}
}


@book{weikum:2001,
author = {Weikum, G. and Vossen, G.},
title = {{Transactional Information Systems: Theory, Algorithms, and the Practice of Concurrency Control and Recovery}},
year = {2001},
isbn = {9780080519562},
publisher = {Morgan Kaufmann Publishers Inc.},
}